@online{adobePopularProjectManagement2023,
  title = {Popular Project Management Methodologies},
  author = {{Adobe}},
  date = {2023-08-08},
  url = {https://business.adobe.com/blog/basics/methodologies},
  urldate = {2025-03-22},
  langid = {american},
  organization = {Popular project management methodologies},
  file = {C:\Users\Lewis\Zotero\storage\NBK3ACB5\methodologies.html}
}

@online{adobeWaterfallMethodologyProject,
  title = {Waterfall {{Methodology}}: {{Project Management}} | {{Adobe Workfront}} | {{Adobe UK}}},
  shorttitle = {Waterfall {{Methodology}}},
  author = {{Adobe}},
  url = {https://business.adobe.com/uk/blog/basics/waterfall},
  urldate = {2025-03-22},
  langid = {british},
  file = {C:\Users\Lewis\Zotero\storage\NZMC4TN6\waterfall.html}
}
