@online{AIUni,
    title = {New HEPI Report explores the impact of technology on universities and students},
    date = {2024-03-28},
    url = {https://www.hepi.ac.uk/2024/03/28/technology-foundations-for-twenty-first-century-higher-education/},
    author = {HEPI},
    urldate = {2024-10-08},
}

@online{owid-artificial-intelligence,
    author = {Charlie Giattino and Edouard Mathieu and Veronika Samborska and Max Roser},
    title = {Artificial Intelligence},
    journal = {Our World in Data},
    year = {2023},
    url = {https://ourworldindata.org/artificial-intelligence?insight=ai-systems-perform-better-than-humans-in-language-and-image-recognition-in-some-tests#key-insights},
    urldate = {2024-10-08}
}
@online{chatbotStats,
    author = {Kateryna Cherniak},
    title = {Chatbot Statistics: What Businesses Need to Know About Digital Assistants},
    date = {2024-09-22},
    url = {https://masterofcode.com/blog/chatbot-statistics},
    urldate = {2024-10-09}
}