@article{litSearch,
author = {Seperia B. Wanyama and Ronald W. McQuaid and Markus Kittler},
title = {Where you search determines what you find: the effects of bibliographic databases on systematic reviews},
journal = {International Journal of Social Research Methodology},
volume = {25},
number = {3},
pages = {409--422},
year = {2022},
publisher = {Routledge},
doi = {10.1080/13645579.2021.1892378},
keywords = {refs}
}
